%% This BibTeX bibliography file was created using BibDesk.
%% https://bibdesk.sourceforge.io/

%% Created for HP Marshall at 2023-08-18 11:40:05 -0600 


%% Saved with string encoding Unicode (UTF-8) 



@article{Fischer2022,
	author = {K.C. Fischer and P. Haegeli and P. Mair},
	date-added = {2023-08-18 11:37:00 -0600},
	date-modified = {2023-08-18 11:39:01 -0600},
	journal = {Nat. Hazards Earth Syst. Sci.},
	number = {doi:10.5194/nhess-22-1973-2022},
	pages = {1973-2000},
	title = {Travel and terrain advice statements in public avalanche bulletins: a quantitative analysis of who uses this information, what makes it useful, and how it can be improved for users.},
	volume = {22},
	year = {2022}}

@book{McClung2006,
	address = {Seattle, WA},
	author = {D.M. McClung and P. Schaerer},
	date-added = {2023-08-18 11:35:04 -0600},
	date-modified = {2023-08-18 11:40:02 -0600},
	publisher = {The Mountaineers Books},
	series = {3rd ed.},
	title = {The avalanche handbook},
	year = {2006}}

@article{Greene2006,
	author = {E. Greene and T. Wiesinger and K. W. Birkeland and C. Coleou and A. Jones and G. Statham},
	date-added = {2023-08-18 11:33:39 -0600},
	date-modified = {2023-08-18 11:34:59 -0600},
	journal = {Proceedings of the International Snow Science Workshop, Telluride, CO},
	pages = {640-649},
	title = {Fatal avalanche accidents and forecasted danger levels: Patterns in the United States, Canada, Switzerland and France.},
	year = {2006}}
